@book{latex,
title = {LaTeX : A Documentation Preparation System User's Guide and Reference Manual},
publisher = {Addison-Wesley Professional},
year = {1994},
author = {Leslie Lamport}
}

@inproceedings{bayer,
  author    = {Ulrich Bayer and
               Paolo Milani Comparetti and
               Clemens Hlauschek and
               Christopher Kr{\"{u}}gel and
               Engin Kirda},
  title     = {Scalable, Behavior-Based Malware Clustering},
  booktitle = {Proceedings of the Network and Distributed System Security Symposium,
               {NDSS} 2009, San Diego, California, USA, 8th February - 11th February
               2009},
  year      = {2009},
  crossref  = {DBLP:conf/ndss/2009},
  url       = {http://www.isoc.org/isoc/conferences/ndss/09/pdf/11.pdf},
}

@inproceedings{gensim,
      title = {{Software Framework for Topic Modelling with Large Corpora}},
      author = {Radim {\v R}eh{\r u}{\v r}ek and Petr Sojka},
      booktitle = {{Proceedings of the LREC 2010 Workshop on New
           Challenges for NLP Frameworks}},
      pages = {45--50},
      year = 2010,
      month = May,
      day = 22,
      publisher = {ELRA},
      address = {Valletta, Malta},
      note={\url{http://is.muni.cz/publication/884893/en}},
      language={English}
}

@inproceedings{kolbitsch2009effective,
title = {Scalable, Behavior-Based Malware Clustering},
author = {Ulrich Bayer , Paolo Milani Comparetti , Clemens Hlauschek , Christopher Kruegel , Engin Kirda},
booktitle = {},
pages = {},
year = {}
}

@misc{anubis,
title = {Anubis - Malware Analysis for Unknown Binaries},
author = {{Anubis}},
howpublished = {\url{https://anubis.iseclab.org/}},
note = {Last Accessed: 2016-01-03}
}
